<record><leader>00000cas a22000007a 4500</leader><controlfield tag="001">18096229</controlfield><controlfield tag="008">880616d19461975ohuwr ne      0    0eng d</controlfield><datafield ind1=" " ind2=" " tag="010"><subfield code="a">sn 88078632 </subfield></datafield><datafield ind1=" " ind2=" " tag="040"><subfield code="a">ONP</subfield><subfield code="b">eng</subfield><subfield code="c">ONP</subfield><subfield code="d">OCLCQ</subfield></datafield><datafield ind1=" " ind2=" " tag="042"><subfield code="a">msc</subfield></datafield><datafield ind1="0" ind2="4" tag="245"><subfield code="a">The Seville chronicle.</subfield></datafield><datafield ind1=" " ind2=" " tag="260"><subfield code="a">Seville, Ohio :</subfield><subfield code="b">Lee and Gene Cavin,</subfield><subfield code="c">-1975.</subfield></datafield><datafield ind1=" " ind2=" " tag="300"><subfield code="a">v.</subfield></datafield><datafield ind1=" " ind2=" " tag="310"><subfield code="a">Weekly</subfield></datafield><datafield ind1="1" ind2=" " tag="362"><subfield code="a">Began with Dec. 20, 1946 issue.</subfield></datafield><datafield ind1="0" ind2=" " tag="362"><subfield code="a">-v. 29, no. 32 (July 3, 1975).</subfield></datafield><datafield ind1=" " ind2=" " tag="588"><subfield code="a">Description based on: Vol. 1, no. 4 (Jan. 10, 1947).</subfield></datafield><datafield ind1=" " ind2="4" tag="651"><subfield code="a">Seville (Ohio)</subfield><subfield code="v">Newspapers.</subfield></datafield><datafield ind1=" " ind2="4" tag="651"><subfield code="a">Medina County (Ohio)</subfield><subfield code="v">Newspapers.</subfield></datafield><datafield ind1=" " ind2=" " tag="752"><subfield code="a">United States</subfield><subfield code="b">Ohio</subfield><subfield code="c">Medina</subfield><subfield code="d">Seville.</subfield></datafield><datafield ind1="0" ind2="0" tag="785"><subfield code="t">Seville chronicle and farm journal</subfield><subfield code="w">(DLC)sn 88078631</subfield></datafield></record>